<record><leader>00000cas a2200000 a 4500</leader><controlfield tag="001">11181949</controlfield><controlfield tag="008">840921d18821883ksuwr ne      0   a0eng d</controlfield><datafield ind1=" " ind2=" " tag="010"><subfield code="a">sn 84029654 </subfield></datafield><datafield ind1=" " ind2=" " tag="040"><subfield code="a">KSH</subfield><subfield code="b">eng</subfield><subfield code="c">KSH</subfield><subfield code="d">NPT</subfield><subfield code="d">OCL</subfield><subfield code="d">OCLCQ</subfield></datafield><datafield ind1=" " ind2=" " tag="042"><subfield code="a">msc</subfield></datafield><datafield ind1="0" ind2="0" tag="245"><subfield code="a">Kansas progress.</subfield></datafield><datafield ind1=" " ind2=" " tag="260"><subfield code="a">Lawrence, Kan. :</subfield><subfield code="b">A.C. Peck,</subfield><subfield code="c">-1883.</subfield></datafield><datafield ind1=" " ind2=" " tag="300"><subfield code="a">v. ;</subfield><subfield code="c">40-45 cm.</subfield></datafield><datafield ind1=" " ind2=" " tag="310"><subfield code="a">Weekly,</subfield><subfield code="b">Sept. 1, 1882-Jan. 6, 1883</subfield></datafield><datafield ind1=" " ind2=" " tag="321"><subfield code="a">Semimonthly,</subfield><subfield code="b">June 15-Aug. 15, 1882</subfield></datafield><datafield ind1="0" ind2=" " tag="362"><subfield code="a">-Jan. 6, 1883.</subfield></datafield><datafield ind1="1" ind2=" " tag="362"><subfield code="a">Began with June 1, 1882 issue.</subfield></datafield><datafield ind1=" " ind2=" " tag="500"><subfield code="a">"Devoted to interests of temperance, reform."</subfield></datafield><datafield ind1=" " ind2=" " tag="588"><subfield code="a">Description based on: Vol. 1, no. 2 (June 15, 1882).</subfield></datafield><datafield ind1=" " ind2=" " tag="752"><subfield code="a">United States</subfield><subfield code="b">Kansas</subfield><subfield code="c">Douglas</subfield><subfield code="d">Lawrence.</subfield></datafield><datafield ind1="0" ind2="5" tag="785"><subfield code="t">Kansas tribune (Lawrence, Kan. : 1873)</subfield><subfield code="w">(DLC)sn 84029653</subfield></datafield><datafield ind1="0" ind2="1" tag="785"><subfield code="t">Useful worker</subfield><subfield code="w">(DLC)sn 84029647</subfield></datafield></record>